<record><leader>00000cas a2200000Ma 4500</leader><controlfield tag="001">11122052</controlfield><controlfield tag="008">840905d18751879inuwr ne      0    0eng d</controlfield><datafield ind1=" " ind2=" " tag="010"><subfield code="a">sn 84023990 </subfield></datafield><datafield ind1=" " ind2=" " tag="040"><subfield code="a">AQM</subfield><subfield code="b">eng</subfield><subfield code="c">AQM</subfield><subfield code="d">OCLCQ</subfield></datafield><datafield ind1="0" ind2="4" tag="245"><subfield code="a">The Ladoga journal.</subfield></datafield><datafield ind1=" " ind2=" " tag="260"><subfield code="a">Ladoga, Ind. :</subfield><subfield code="b">C.M. Scott</subfield></datafield><datafield ind1=" " ind2=" " tag="310"><subfield code="a">Weekly</subfield></datafield><datafield ind1="1" ind2=" " tag="362"><subfield code="a">Began in 1875? Ceased in 1879.</subfield></datafield><datafield ind1=" " ind2=" " tag="588"><subfield code="a">Description based on: Vol. 1, no. 32 (Aug. 10, 1876).</subfield></datafield><datafield ind1=" " ind2="7" tag="655"><subfield code="a">Newspapers.</subfield><subfield code="2">rbgenr</subfield></datafield><datafield ind1=" " ind2=" " tag="752"><subfield code="a">United States</subfield><subfield code="b">Indiana</subfield><subfield code="c">Montgomery</subfield><subfield code="d">Ladoga.</subfield></datafield><datafield ind1="0" ind2="0" tag="780"><subfield code="t">Ladoga weekly herald</subfield><subfield code="w">(DLC)sn 84027452</subfield></datafield><datafield ind1="0" ind2="0" tag="785"><subfield code="t">Ladoga leader</subfield><subfield code="w">(DLC)sn 87055435</subfield></datafield></record>